% This file was created with JabRef 2.9.2.
% Encoding: Cp1252

@online{opencl_wiki,
  author = {Wikipedia},
  title = {{OpenCL}},
  year = ,
  howpublished = {\url{https://en.wikipedia.org/wiki/OpenCL}}
  note = {Accessed: 2017-03-05}
}

@online{opencl_fixstars,
  author = {Ryoji Tsuchiyama and Takashi Nakamura and Takuro Iizuka and Akihiro Asahara and Jeongdo Son and Satoshi Miki},
  title = {{The OpenCL} {Programming} {Book}},
  year = 2012,
  howpublished = {\url{https://www.fixstars.com/en/opencl/book/OpenCLProgrammingBook/what-is-opencl/}},
}

@online{opencl_ajg,
  author = {AJ Guillon},
  title = {OpenCL 1.2: High Level Overview},
  year = 2013
  howpublished = {\url{www.youtube.com}},
}

@book{opencl_khronos,
  author = {Khronos OpenCL Working Group},
  editor = {Lee Howes, Aftab Munshi},
  title = {The OpenCL Specification},
  year = 2012,
  howpublished = {\url{https://www.khronos.org/registry/OpenCL/specs/opencl-2.0.pdf}},
}

@online{cnn_mnist_papaa,
  author = {Hegde, Gopalkrishna},
  editor = {Lee Howes, Aftab Munshi},
  title = {Lenet5 OpenCL Application},
  year = 2012,
  howpublished = {\url{https://github.com/gplhegde/papaa-opencl/tree/master/opencl-src/mnist}},
  urldate = 2017-03-15,
}

@online{mnist_wiki,
  author = {Wikipedia},
  title = {{MNIST Database}},
  year = ,
  howpublished = {\url{https://en.wikipedia.org/wiki/MNIST_database}},
  access = 2017-03-14,
}

@ARTICLE{mnist_kus_ernst,
	author = {Kussui, Ernst and Baidyk, Tatiana},
	title = {Improved method of handwritten digit recognition tested on MNIST database},
	year = 2004,
	volume = 22,
    issue = 12,
    howpublished = {\url{}},
}
.
@online{cnn_lecun_mnist_app,
  author = {LeCun, Yann and Cortes, Corinna and Burges, Christopher J.C.},
  title = {{The MNIST Database}},
  year = ,
  howpublished = {\url{http://yann.lecun.com/exdb/mnist/}},
  url =  ,
  urldate = 2017-03-15,
}

@online{cnn_lecun_lenet5,
  author = {LeCun, Yann},
  title ={{LeNet-5, Convolutional Neural Networks}},
  year = ,
  howpublished = {\url{http://yann.lecun.com/exdb/lenet/}},
}

@misc{cnn_stanford,
  author = {Stanford},
  title ={{Convolutional Neural Networks}},
  year = ,
  howpublished = {\url{http://cs231n.github.io/convolutional-networks}},
}

@online{cnn_karn,
  author = {Karn, Ujjwal},
  title = {An Intuitive Explanation of {Convolutional Neural Networks}},
  year = 2016,
  howpublished = {\url{https://ujjwalkarn.me/2016/08/11/intuitive-explanation-convnets}},
  urldate = 2017-03-15,
}

@online{riscv_xda,
  author = {XDA Developers},
  title = {Open Source RISC-V Core Designs, Why Google Cares and Why They Matter},
  year = 2016,
  month = Jan,
  date = 08,
  howpublished = {\url{https://www.xda-developers.com/risc-v-cores-and-why-they-matter}},
  urldate = 2017-03-15,
}

@online{riscv_isa_free,
  author = {Krste Asanović and David A. Patterson},
  title = {Instruction Sets Should Be Free: The Case For RISC-V},
  year = 2014,
  month = Aug,
  date = 06,
  howpublished = {\url{https://www2.eecs.berkeley.edu/Pubs/TechRpts/2014/EECS-2014-146.html}},
}

@online{riscv_home,
  author = {RISC-V Foundation},
  title = {{RISC-V: The Free and Open RISC Instruction Set Architecture}},
  year = ,
  howpublished = {\url{https://riscv.org}},
}

@online{ieee_754,
  author = {ANSI/IEEE Std 754-2008},
  title = {{IEEE Standard for Floating-Point Arithmetic}},
  year = 2008,
  month = Aug,
  date = 29,
  howpublished = {\url{http://ieeexplore.ieee.org/document/4610935/}},
  urldate = 2017-03-14,
}

@online{riscv_isa_manual,
  author ={Andrew Waterman and Yunsup Lee and Krste Asanović},
  title = {{The RISC-V Instruction Set Manual, Volume I: User-Level ISA, Version 2.1}},
  year = 2016,
  month = May,
  date = 31,
  howpublished = {\url{https://www2.eecs.berkeley.edu/Pubs/TechRpts/2016/EECS-2016-118.pdf}},
  urldate = 2017-03-14,
}

@online{picorv32,
  author ={Wolf, Clifford},
  title = {{PicoRV32 - A Size-Optimized RISC-V CPU
}},
  year = ,
  howpublished = {\url{https://github.com/cliffordwolf/picorv32}},
  urldate = 2017-03-15,
}

@online{picorv32,
  author ={Wolf, Clifford},
  title = {{PicoRV32 - A Size-Optimized RISC-V CPU
}},
  year = ,
  howpublished = {\url{https://github.com/cliffordwolf/picorv32}},
  urldate = 2017-03-14,
}

@online{riscv_tools_bootcamp,
  author ={Ou, Albert},
  title = {{RISC-V Software Tools Bootcamp}},
  year = 2015,
  howpublished = {\url{}},
}

@online{riscv_soft_tools,
  author ={{RISC-V Foundation}},
  title = {{Software Tools}},
  year = ,
  howpublished = {\url{https://riscv.org/software-tools/#linuxman}},
  urldate = 2017-03-15,
}

@online{riscv_pk,
  author ={{RISC-V Foundation}},
  title = {{RISC-V Proxy Kernel and Boot Loader}},
  year = ,
  howpublished = {\url{https://github.com/riscv/riscv-pk#about}},
  urldate = 2017-03-15,
}

@online{riscv_isa,
  author = {Waterman, Andrew and Lee, Yunsup},
  title = {{RISC-V ISA Simulator}},
  year = 2011,
  month = Jun,
  day = 11,
  howpublished = {\url{https://riscv.org/software-tools/risc-v-isa-simulator/}},
  urldate = 2017-03-15,
}

@online{riscv_opcodes,
  author = {RISC-V Foundation},
  title = {{RISC-V Opcodes}},
  year = 
  howpublished = {\url{https://github.com/riscv/riscv-opcodes}},
  urldate = 2017-03-15,
}

@online{iverilog_wil,
  author = {Williams, Stephen},
  title = {{Icarus Verilog}},
 howpublished = {\url{http://iverilog.icarus.com/}},
  urldate = 2017-03-16,
}